{1:F01BPHKPLPKXXX0000000000}{2:I940BOFAUS6BXBAMN}{4:
:20:TELEWIZORY S.A.
:25:BPHKPLPK/320000546101
:28C:00084/001
:60F:C031002EUR5000,00
:61:0310201020D1088,41FTRFREF 12345678/2003//8327000090031790 Transfer
:86:020?00Wyplata/przelew?20DEUTSCHE ELEKTROAPPARATUR?21OBENSTRAS SE 4 MUNCHEN?22OCMT/EUR1088,41?23CHGS/SHA/EUR20,00?24FAKTURA 333 /2003 ZAPLATA ZA?25FABRYKATY DO TUB 200 SZTUK?26GZX 76 I 300 SZT UK GZY 77 T?27RANZYSTORY 300 SZTUK BT34SX?28OPORNIKI 500 SZTUK W Q2?29232FX?30HYVEDEMM700?31701890012872?38DE09700202701890012872
:62F:C031020EUR3911,59
-}
